%YAML 1.1
%TAG !u! tag:unity3d.com,2011:
--- !u!1 &107578
GameObject:
  m_ObjectHideFlags: 0
  m_PrefabParentObject: {fileID: 0}
  m_PrefabInternal: {fileID: 100100000}
  serializedVersion: 4
  m_Component:
  - 4: {fileID: 418428}
  m_Layer: 0
  m_Name: SpawnPoint3 (1)
  m_TagString: Untagged
  m_Icon: {fileID: 0}
  m_NavMeshLayer: 0
  m_StaticEditorFlags: 0
  m_IsActive: 1
--- !u!1 &115630
GameObject:
  m_ObjectHideFlags: 0
  m_PrefabParentObject: {fileID: 0}
  m_PrefabInternal: {fileID: 100100000}
  serializedVersion: 4
  m_Component:
  - 4: {fileID: 464958}
  m_Layer: 0
  m_Name: SpawnPoint2
  m_TagString: Untagged
  m_Icon: {fileID: 0}
  m_NavMeshLayer: 0
  m_StaticEditorFlags: 0
  m_IsActive: 1
--- !u!1 &130032
GameObject:
  m_ObjectHideFlags: 0
  m_PrefabParentObject: {fileID: 0}
  m_PrefabInternal: {fileID: 100100000}
  serializedVersion: 4
  m_Component:
  - 4: {fileID: 484654}
  m_Layer: 0
  m_Name: SpawnPoint4 (1)
  m_TagString: Untagged
  m_Icon: {fileID: 0}
  m_NavMeshLayer: 0
  m_StaticEditorFlags: 0
  m_IsActive: 1
--- !u!1 &134810
GameObject:
  m_ObjectHideFlags: 0
  m_PrefabParentObject: {fileID: 0}
  m_PrefabInternal: {fileID: 100100000}
  serializedVersion: 4
  m_Component:
  - 4: {fileID: 488006}
  m_Layer: 0
  m_Name: SpawnPoint3
  m_TagString: Untagged
  m_Icon: {fileID: 0}
  m_NavMeshLayer: 0
  m_StaticEditorFlags: 0
  m_IsActive: 1
--- !u!1 &137354
GameObject:
  m_ObjectHideFlags: 0
  m_PrefabParentObject: {fileID: 0}
  m_PrefabInternal: {fileID: 100100000}
  serializedVersion: 4
  m_Component:
  - 4: {fileID: 435164}
  - 114: {fileID: 11483002}
  - 114: {fileID: 11488508}
  m_Layer: 0
  m_Name: BallSpawn
  m_TagString: Untagged
  m_Icon: {fileID: 0}
  m_NavMeshLayer: 0
  m_StaticEditorFlags: 0
  m_IsActive: 1
--- !u!1 &153054
GameObject:
  m_ObjectHideFlags: 0
  m_PrefabParentObject: {fileID: 0}
  m_PrefabInternal: {fileID: 100100000}
  serializedVersion: 4
  m_Component:
  - 4: {fileID: 405222}
  m_Layer: 0
  m_Name: SpawnPoint4
  m_TagString: Untagged
  m_Icon: {fileID: 0}
  m_NavMeshLayer: 0
  m_StaticEditorFlags: 0
  m_IsActive: 1
--- !u!1 &172348
GameObject:
  m_ObjectHideFlags: 0
  m_PrefabParentObject: {fileID: 0}
  m_PrefabInternal: {fileID: 100100000}
  serializedVersion: 4
  m_Component:
  - 4: {fileID: 433898}
  m_Layer: 0
  m_Name: SpawnPoint1 (1)
  m_TagString: Untagged
  m_Icon: {fileID: 0}
  m_NavMeshLayer: 0
  m_StaticEditorFlags: 0
  m_IsActive: 1
--- !u!1 &175434
GameObject:
  m_ObjectHideFlags: 0
  m_PrefabParentObject: {fileID: 0}
  m_PrefabInternal: {fileID: 100100000}
  serializedVersion: 4
  m_Component:
  - 4: {fileID: 462858}
  m_Layer: 0
  m_Name: SpawnPoint2 (1)
  m_TagString: Untagged
  m_Icon: {fileID: 0}
  m_NavMeshLayer: 0
  m_StaticEditorFlags: 0
  m_IsActive: 1
--- !u!1 &179522
GameObject:
  m_ObjectHideFlags: 0
  m_PrefabParentObject: {fileID: 0}
  m_PrefabInternal: {fileID: 100100000}
  serializedVersion: 4
  m_Component:
  - 4: {fileID: 437472}
  m_Layer: 0
  m_Name: SpawnPoint1
  m_TagString: Untagged
  m_Icon: {fileID: 0}
  m_NavMeshLayer: 0
  m_StaticEditorFlags: 0
  m_IsActive: 1
--- !u!4 &405222
Transform:
  m_ObjectHideFlags: 1
  m_PrefabParentObject: {fileID: 0}
  m_PrefabInternal: {fileID: 100100000}
  m_GameObject: {fileID: 153054}
  m_LocalRotation: {x: 0, y: 0, z: 0, w: 1}
  m_LocalPosition: {x: 5.6, y: 0.3, z: -5.92}
  m_LocalScale: {x: 1, y: 1, z: 1}
  m_Children: []
  m_Father: {fileID: 435164}
  m_RootOrder: 3
--- !u!4 &418428
Transform:
  m_ObjectHideFlags: 1
  m_PrefabParentObject: {fileID: 0}
  m_PrefabInternal: {fileID: 100100000}
  m_GameObject: {fileID: 107578}
  m_LocalRotation: {x: 0, y: 0, z: 0, w: 1}
  m_LocalPosition: {x: 0.03, y: 0.3, z: -8.61}
  m_LocalScale: {x: 1, y: 1, z: 1}
  m_Children: []
  m_Father: {fileID: 435164}
  m_RootOrder: 6
--- !u!4 &433898
Transform:
  m_ObjectHideFlags: 1
  m_PrefabParentObject: {fileID: 0}
  m_PrefabInternal: {fileID: 100100000}
  m_GameObject: {fileID: 172348}
  m_LocalRotation: {x: 0, y: 0, z: 0, w: 1}
  m_LocalPosition: {x: 7.89, y: 0.3, z: 0.08}
  m_LocalScale: {x: 1, y: 1, z: 1}
  m_Children: []
  m_Father: {fileID: 435164}
  m_RootOrder: 5
--- !u!4 &435164
Transform:
  m_ObjectHideFlags: 1
  m_PrefabParentObject: {fileID: 0}
  m_PrefabInternal: {fileID: 100100000}
  m_GameObject: {fileID: 137354}
  m_LocalRotation: {x: 0, y: 0, z: 0, w: 1}
  m_LocalPosition: {x: 0, y: 0, z: 0}
  m_LocalScale: {x: 1, y: 1, z: 1}
  m_Children:
  - {fileID: 437472}
  - {fileID: 464958}
  - {fileID: 488006}
  - {fileID: 405222}
  - {fileID: 462858}
  - {fileID: 433898}
  - {fileID: 418428}
  - {fileID: 484654}
  m_Father: {fileID: 0}
  m_RootOrder: 0
--- !u!4 &437472
Transform:
  m_ObjectHideFlags: 1
  m_PrefabParentObject: {fileID: 0}
  m_PrefabInternal: {fileID: 100100000}
  m_GameObject: {fileID: 179522}
  m_LocalRotation: {x: 0, y: 0, z: 0, w: 1}
  m_LocalPosition: {x: 5.26, y: 0.3, z: 5.18}
  m_LocalScale: {x: 1, y: 1, z: 1}
  m_Children: []
  m_Father: {fileID: 435164}
  m_RootOrder: 0
--- !u!4 &462858
Transform:
  m_ObjectHideFlags: 1
  m_PrefabParentObject: {fileID: 0}
  m_PrefabInternal: {fileID: 100100000}
  m_GameObject: {fileID: 175434}
  m_LocalRotation: {x: 0, y: 0, z: 0, w: 1}
  m_LocalPosition: {x: 0.08, y: 0.3, z: 8.23}
  m_LocalScale: {x: 1, y: 1, z: 1}
  m_Children: []
  m_Father: {fileID: 435164}
  m_RootOrder: 4
--- !u!4 &464958
Transform:
  m_ObjectHideFlags: 1
  m_PrefabParentObject: {fileID: 0}
  m_PrefabInternal: {fileID: 100100000}
  m_GameObject: {fileID: 115630}
  m_LocalRotation: {x: 0, y: 0, z: 0, w: 1}
  m_LocalPosition: {x: -5.91, y: 0.3, z: 5.97}
  m_LocalScale: {x: 1, y: 1, z: 1}
  m_Children: []
  m_Father: {fileID: 435164}
  m_RootOrder: 1
--- !u!4 &484654
Transform:
  m_ObjectHideFlags: 1
  m_PrefabParentObject: {fileID: 0}
  m_PrefabInternal: {fileID: 100100000}
  m_GameObject: {fileID: 130032}
  m_LocalRotation: {x: 0, y: 0, z: 0, w: 1}
  m_LocalPosition: {x: -8.7, y: 0.3, z: 0.02}
  m_LocalScale: {x: 1, y: 1, z: 1}
  m_Children: []
  m_Father: {fileID: 435164}
  m_RootOrder: 7
--- !u!4 &488006
Transform:
  m_ObjectHideFlags: 1
  m_PrefabParentObject: {fileID: 0}
  m_PrefabInternal: {fileID: 100100000}
  m_GameObject: {fileID: 134810}
  m_LocalRotation: {x: 0, y: 0, z: 0, w: 1}
  m_LocalPosition: {x: -6.11, y: 0.3, z: -6.46}
  m_LocalScale: {x: 1, y: 1, z: 1}
  m_Children: []
  m_Father: {fileID: 435164}
  m_RootOrder: 2
--- !u!114 &11483002
MonoBehaviour:
  m_ObjectHideFlags: 1
  m_PrefabParentObject: {fileID: 0}
  m_PrefabInternal: {fileID: 100100000}
  m_GameObject: {fileID: 137354}
  m_Enabled: 1
  m_EditorHideFlags: 0
  m_Script: {fileID: 11500000, guid: 318a1988a9f7b0747a47dc4fd6ae7d0a, type: 3}
  m_Name: 
  m_EditorClassIdentifier: 
  ballSpawnPoints:
  - {fileID: 179522}
  - {fileID: 115630}
  - {fileID: 134810}
  - {fileID: 153054}
  - {fileID: 175434}
  - {fileID: 172348}
  - {fileID: 107578}
  - {fileID: 130032}
  ballToSpawn: {fileID: 100000, guid: 3ffd751eed2139f498ad5dbb611cdf30, type: 2}
--- !u!114 &11488508
MonoBehaviour:
  m_ObjectHideFlags: 1
  m_PrefabParentObject: {fileID: 0}
  m_PrefabInternal: {fileID: 100100000}
  m_GameObject: {fileID: 137354}
  m_Enabled: 1
  m_EditorHideFlags: 0
  m_Script: {fileID: 372142912, guid: 870353891bb340e2b2a9c8707e7419ba, type: 3}
  m_Name: 
  m_EditorClassIdentifier: 
  m_SceneId:
    m_Value: 0
  m_AssetId:
    i0: 238
    i1: 111
    i2: 67
    i3: 249
    i4: 232
    i5: 110
    i6: 51
    i7: 20
    i8: 251
    i9: 30
    i10: 147
    i11: 58
    i12: 199
    i13: 107
    i14: 141
    i15: 112
  m_ServerOnly: 1
  m_LocalPlayerAuthority: 1
--- !u!1001 &100100000
Prefab:
  m_ObjectHideFlags: 1
  serializedVersion: 2
  m_Modification:
    m_TransformParent: {fileID: 0}
    m_Modifications:
    - target: {fileID: 0}
      propertyPath: m_AssetId.i0
      value: 238
      objectReference: {fileID: 0}
    - target: {fileID: 0}
      propertyPath: m_AssetId.i1
      value: 111
      objectReference: {fileID: 0}
    - target: {fileID: 0}
      propertyPath: m_AssetId.i2
      value: 67
      objectReference: {fileID: 0}
    - target: {fileID: 0}
      propertyPath: m_AssetId.i3
      value: 249
      objectReference: {fileID: 0}
    - target: {fileID: 0}
      propertyPath: m_AssetId.i4
      value: 232
      objectReference: {fileID: 0}
    - target: {fileID: 0}
      propertyPath: m_AssetId.i5
      value: 110
      objectReference: {fileID: 0}
    - target: {fileID: 0}
      propertyPath: m_AssetId.i6
      value: 51
      objectReference: {fileID: 0}
    - target: {fileID: 0}
      propertyPath: m_AssetId.i7
      value: 20
      objectReference: {fileID: 0}
    - target: {fileID: 0}
      propertyPath: m_AssetId.i8
      value: 251
      objectReference: {fileID: 0}
    - target: {fileID: 0}
      propertyPath: m_AssetId.i9
      value: 30
      objectReference: {fileID: 0}
    - target: {fileID: 0}
      propertyPath: m_AssetId.i10
      value: 147
      objectReference: {fileID: 0}
    - target: {fileID: 0}
      propertyPath: m_AssetId.i11
      value: 58
      objectReference: {fileID: 0}
    - target: {fileID: 0}
      propertyPath: m_AssetId.i12
      value: 199
      objectReference: {fileID: 0}
    - target: {fileID: 0}
      propertyPath: m_AssetId.i13
      value: 107
      objectReference: {fileID: 0}
    - target: {fileID: 0}
      propertyPath: m_AssetId.i14
      value: 141
      objectReference: {fileID: 0}
    - target: {fileID: 0}
      propertyPath: m_AssetId.i15
      value: 112
      objectReference: {fileID: 0}
    - target: {fileID: 0}
      propertyPath: m_ServerOnly
      value: 1
      objectReference: {fileID: 0}
    - target: {fileID: 0}
      propertyPath: m_LocalPlayerAuthority
      value: 1
      objectReference: {fileID: 0}
    m_RemovedComponents: []
  m_ParentPrefab: {fileID: 0}
  m_RootGameObject: {fileID: 137354}
  m_IsPrefabParent: 1
