%YAML 1.1
%TAG !u! tag:unity3d.com,2011:
--- !u!1 &106940
GameObject:
  m_ObjectHideFlags: 0
  m_PrefabParentObject: {fileID: 0}
  m_PrefabInternal: {fileID: 100100000}
  serializedVersion: 4
  m_Component:
  - 4: {fileID: 449548}
  m_Layer: 0
  m_Name: SpawnPoint4
  m_TagString: Untagged
  m_Icon: {fileID: 0}
  m_NavMeshLayer: 0
  m_StaticEditorFlags: 4294967295
  m_IsActive: 1
--- !u!1 &155842
GameObject:
  m_ObjectHideFlags: 0
  m_PrefabParentObject: {fileID: 0}
  m_PrefabInternal: {fileID: 100100000}
  serializedVersion: 4
  m_Component:
  - 4: {fileID: 493368}
  m_Layer: 0
  m_Name: SpawnPoint1
  m_TagString: Untagged
  m_Icon: {fileID: 0}
  m_NavMeshLayer: 0
  m_StaticEditorFlags: 4294967295
  m_IsActive: 1
--- !u!1 &189700
GameObject:
  m_ObjectHideFlags: 0
  m_PrefabParentObject: {fileID: 0}
  m_PrefabInternal: {fileID: 100100000}
  serializedVersion: 4
  m_Component:
  - 4: {fileID: 494676}
  m_Layer: 0
  m_Name: SpawnPoint3
  m_TagString: Untagged
  m_Icon: {fileID: 0}
  m_NavMeshLayer: 0
  m_StaticEditorFlags: 4294967295
  m_IsActive: 1
--- !u!1 &190026
GameObject:
  m_ObjectHideFlags: 0
  m_PrefabParentObject: {fileID: 0}
  m_PrefabInternal: {fileID: 100100000}
  serializedVersion: 4
  m_Component:
  - 4: {fileID: 450490}
  m_Layer: 0
  m_Name: SpawnPoint2
  m_TagString: Untagged
  m_Icon: {fileID: 0}
  m_NavMeshLayer: 0
  m_StaticEditorFlags: 4294967295
  m_IsActive: 1
--- !u!1 &196858
GameObject:
  m_ObjectHideFlags: 0
  m_PrefabParentObject: {fileID: 0}
  m_PrefabInternal: {fileID: 100100000}
  serializedVersion: 4
  m_Component:
  - 4: {fileID: 401666}
  - 114: {fileID: 11407724}
  - 114: {fileID: 11434112}
  m_Layer: 0
  m_Name: BallMPSpawn
  m_TagString: Untagged
  m_Icon: {fileID: 0}
  m_NavMeshLayer: 0
  m_StaticEditorFlags: 4294967295
  m_IsActive: 1
--- !u!4 &401666
Transform:
  m_ObjectHideFlags: 1
  m_PrefabParentObject: {fileID: 0}
  m_PrefabInternal: {fileID: 100100000}
  m_GameObject: {fileID: 196858}
  m_LocalRotation: {x: 0, y: 0, z: 0, w: 1}
  m_LocalPosition: {x: 0, y: 0.3, z: 0}
  m_LocalScale: {x: 1, y: 1, z: 1}
  m_Children:
  - {fileID: 493368}
  - {fileID: 450490}
  - {fileID: 494676}
  - {fileID: 449548}
  m_Father: {fileID: 0}
  m_RootOrder: 0
--- !u!4 &449548
Transform:
  m_ObjectHideFlags: 1
  m_PrefabParentObject: {fileID: 0}
  m_PrefabInternal: {fileID: 100100000}
  m_GameObject: {fileID: 106940}
  m_LocalRotation: {x: 0, y: 0, z: 0, w: 1}
  m_LocalPosition: {x: 5.39, y: 0, z: -6.5}
  m_LocalScale: {x: 1, y: 1, z: 1}
  m_Children: []
  m_Father: {fileID: 401666}
  m_RootOrder: 3
--- !u!4 &450490
Transform:
  m_ObjectHideFlags: 1
  m_PrefabParentObject: {fileID: 0}
  m_PrefabInternal: {fileID: 100100000}
  m_GameObject: {fileID: 190026}
  m_LocalRotation: {x: 0, y: 0, z: 0, w: 1}
  m_LocalPosition: {x: -5.54, y: 0, z: 6.13}
  m_LocalScale: {x: 1, y: 1, z: 1}
  m_Children: []
  m_Father: {fileID: 401666}
  m_RootOrder: 1
--- !u!4 &493368
Transform:
  m_ObjectHideFlags: 1
  m_PrefabParentObject: {fileID: 0}
  m_PrefabInternal: {fileID: 100100000}
  m_GameObject: {fileID: 155842}
  m_LocalRotation: {x: 0, y: 0, z: 0, w: 1}
  m_LocalPosition: {x: 5.83, y: 0, z: 6.26}
  m_LocalScale: {x: 1, y: 1, z: 1}
  m_Children: []
  m_Father: {fileID: 401666}
  m_RootOrder: 0
--- !u!4 &494676
Transform:
  m_ObjectHideFlags: 1
  m_PrefabParentObject: {fileID: 0}
  m_PrefabInternal: {fileID: 100100000}
  m_GameObject: {fileID: 189700}
  m_LocalRotation: {x: 0, y: 0, z: 0, w: 1}
  m_LocalPosition: {x: -5.79, y: 0, z: -6.46}
  m_LocalScale: {x: 1, y: 1, z: 1}
  m_Children: []
  m_Father: {fileID: 401666}
  m_RootOrder: 2
--- !u!114 &11407724
MonoBehaviour:
  m_ObjectHideFlags: 1
  m_PrefabParentObject: {fileID: 0}
  m_PrefabInternal: {fileID: 100100000}
  m_GameObject: {fileID: 196858}
  m_Enabled: 1
  m_EditorHideFlags: 0
  m_Script: {fileID: 11500000, guid: 19a1f3ba9dee77547b46e14882cf78ad, type: 3}
  m_Name: 
  m_EditorClassIdentifier: 
  ballSpawnPoints:
  - {fileID: 155842}
  - {fileID: 190026}
  - {fileID: 189700}
  - {fileID: 106940}
  ballToSpawn: {fileID: 100000, guid: 3ffd751eed2139f498ad5dbb611cdf30, type: 2}
--- !u!114 &11434112
MonoBehaviour:
  m_ObjectHideFlags: 1
  m_PrefabParentObject: {fileID: 0}
  m_PrefabInternal: {fileID: 100100000}
  m_GameObject: {fileID: 196858}
  m_Enabled: 1
  m_EditorHideFlags: 0
  m_Script: {fileID: 372142912, guid: 870353891bb340e2b2a9c8707e7419ba, type: 3}
  m_Name: 
  m_EditorClassIdentifier: 
  m_SceneId:
    m_Value: 0
  m_AssetId:
    i0: 48
    i1: 180
    i2: 175
    i3: 96
    i4: 80
    i5: 244
    i6: 171
    i7: 68
    i8: 107
    i9: 43
    i10: 99
    i11: 74
    i12: 7
    i13: 19
    i14: 71
    i15: 73
  m_ServerOnly: 1
  m_LocalPlayerAuthority: 1
--- !u!1001 &100100000
Prefab:
  m_ObjectHideFlags: 1
  serializedVersion: 2
  m_Modification:
    m_TransformParent: {fileID: 0}
    m_Modifications:
    - target: {fileID: 0}
      propertyPath: ballSpawnPoints.Array.size
      value: 4
      objectReference: {fileID: 0}
    - target: {fileID: 0}
      propertyPath: ballToSpawn
      value: 
      objectReference: {fileID: 100000, guid: 3ffd751eed2139f498ad5dbb611cdf30, type: 2}
    - target: {fileID: 0}
      propertyPath: m_AssetId.i0
      value: 48
      objectReference: {fileID: 0}
    - target: {fileID: 0}
      propertyPath: m_AssetId.i1
      value: 180
      objectReference: {fileID: 0}
    - target: {fileID: 0}
      propertyPath: m_AssetId.i2
      value: 175
      objectReference: {fileID: 0}
    - target: {fileID: 0}
      propertyPath: m_AssetId.i3
      value: 96
      objectReference: {fileID: 0}
    - target: {fileID: 0}
      propertyPath: m_AssetId.i4
      value: 80
      objectReference: {fileID: 0}
    - target: {fileID: 0}
      propertyPath: m_AssetId.i5
      value: 244
      objectReference: {fileID: 0}
    - target: {fileID: 0}
      propertyPath: m_AssetId.i6
      value: 171
      objectReference: {fileID: 0}
    - target: {fileID: 0}
      propertyPath: m_AssetId.i7
      value: 68
      objectReference: {fileID: 0}
    - target: {fileID: 0}
      propertyPath: m_AssetId.i8
      value: 107
      objectReference: {fileID: 0}
    - target: {fileID: 0}
      propertyPath: m_AssetId.i9
      value: 43
      objectReference: {fileID: 0}
    - target: {fileID: 0}
      propertyPath: m_AssetId.i10
      value: 99
      objectReference: {fileID: 0}
    - target: {fileID: 0}
      propertyPath: m_AssetId.i11
      value: 74
      objectReference: {fileID: 0}
    - target: {fileID: 0}
      propertyPath: m_AssetId.i12
      value: 7
      objectReference: {fileID: 0}
    - target: {fileID: 0}
      propertyPath: m_AssetId.i13
      value: 19
      objectReference: {fileID: 0}
    - target: {fileID: 0}
      propertyPath: m_AssetId.i14
      value: 71
      objectReference: {fileID: 0}
    - target: {fileID: 0}
      propertyPath: m_AssetId.i15
      value: 73
      objectReference: {fileID: 0}
    - target: {fileID: 0}
      propertyPath: m_ServerOnly
      value: 1
      objectReference: {fileID: 0}
    - target: {fileID: 0}
      propertyPath: m_LocalPlayerAuthority
      value: 1
      objectReference: {fileID: 0}
    - target: {fileID: 0}
      propertyPath: m_StaticEditorFlags
      value: 4294967295
      objectReference: {fileID: 0}
    m_RemovedComponents: []
  m_ParentPrefab: {fileID: 0}
  m_RootGameObject: {fileID: 196858}
  m_IsPrefabParent: 1
