%YAML 1.1
%TAG !u! tag:unity3d.com,2011:
--- !u!1 &101354
GameObject:
  m_ObjectHideFlags: 0
  m_PrefabParentObject: {fileID: 0}
  m_PrefabInternal: {fileID: 100100000}
  serializedVersion: 4
  m_Component:
  - 4: {fileID: 414848}
  m_Layer: 0
  m_Name: SpawnPoint8
  m_TagString: Untagged
  m_Icon: {fileID: 0}
  m_NavMeshLayer: 0
  m_StaticEditorFlags: 4294967295
  m_IsActive: 1
--- !u!1 &105424
GameObject:
  m_ObjectHideFlags: 0
  m_PrefabParentObject: {fileID: 0}
  m_PrefabInternal: {fileID: 100100000}
  serializedVersion: 4
  m_Component:
  - 4: {fileID: 436104}
  m_Layer: 0
  m_Name: SpawnPoint6
  m_TagString: Untagged
  m_Icon: {fileID: 0}
  m_NavMeshLayer: 0
  m_StaticEditorFlags: 4294967295
  m_IsActive: 1
--- !u!1 &109608
GameObject:
  m_ObjectHideFlags: 0
  m_PrefabParentObject: {fileID: 0}
  m_PrefabInternal: {fileID: 100100000}
  serializedVersion: 4
  m_Component:
  - 4: {fileID: 431192}
  - 114: {fileID: 11409986}
  - 114: {fileID: 11483318}
  m_Layer: 0
  m_Name: PowerUpMPSpawn
  m_TagString: Untagged
  m_Icon: {fileID: 0}
  m_NavMeshLayer: 0
  m_StaticEditorFlags: 4294967295
  m_IsActive: 1
--- !u!1 &115506
GameObject:
  m_ObjectHideFlags: 0
  m_PrefabParentObject: {fileID: 0}
  m_PrefabInternal: {fileID: 100100000}
  serializedVersion: 4
  m_Component:
  - 4: {fileID: 454722}
  m_Layer: 0
  m_Name: SpawnPoint3
  m_TagString: Untagged
  m_Icon: {fileID: 0}
  m_NavMeshLayer: 0
  m_StaticEditorFlags: 4294967295
  m_IsActive: 1
--- !u!1 &123334
GameObject:
  m_ObjectHideFlags: 0
  m_PrefabParentObject: {fileID: 0}
  m_PrefabInternal: {fileID: 100100000}
  serializedVersion: 4
  m_Component:
  - 4: {fileID: 454276}
  m_Layer: 0
  m_Name: SpawnPoint10
  m_TagString: Untagged
  m_Icon: {fileID: 0}
  m_NavMeshLayer: 0
  m_StaticEditorFlags: 4294967295
  m_IsActive: 1
--- !u!1 &132904
GameObject:
  m_ObjectHideFlags: 0
  m_PrefabParentObject: {fileID: 0}
  m_PrefabInternal: {fileID: 100100000}
  serializedVersion: 4
  m_Component:
  - 4: {fileID: 474102}
  m_Layer: 0
  m_Name: SpawnPoint5
  m_TagString: Untagged
  m_Icon: {fileID: 0}
  m_NavMeshLayer: 0
  m_StaticEditorFlags: 4294967295
  m_IsActive: 1
--- !u!1 &143228
GameObject:
  m_ObjectHideFlags: 0
  m_PrefabParentObject: {fileID: 0}
  m_PrefabInternal: {fileID: 100100000}
  serializedVersion: 4
  m_Component:
  - 4: {fileID: 479606}
  m_Layer: 0
  m_Name: SpawnPoint2
  m_TagString: Untagged
  m_Icon: {fileID: 0}
  m_NavMeshLayer: 0
  m_StaticEditorFlags: 4294967295
  m_IsActive: 1
--- !u!1 &157576
GameObject:
  m_ObjectHideFlags: 0
  m_PrefabParentObject: {fileID: 0}
  m_PrefabInternal: {fileID: 100100000}
  serializedVersion: 4
  m_Component:
  - 4: {fileID: 415972}
  m_Layer: 0
  m_Name: SpawnPoint7
  m_TagString: Untagged
  m_Icon: {fileID: 0}
  m_NavMeshLayer: 0
  m_StaticEditorFlags: 4294967295
  m_IsActive: 1
--- !u!1 &162858
GameObject:
  m_ObjectHideFlags: 0
  m_PrefabParentObject: {fileID: 0}
  m_PrefabInternal: {fileID: 100100000}
  serializedVersion: 4
  m_Component:
  - 4: {fileID: 451756}
  m_Layer: 0
  m_Name: SpawnPoint9
  m_TagString: Untagged
  m_Icon: {fileID: 0}
  m_NavMeshLayer: 0
  m_StaticEditorFlags: 4294967295
  m_IsActive: 1
--- !u!1 &173562
GameObject:
  m_ObjectHideFlags: 0
  m_PrefabParentObject: {fileID: 0}
  m_PrefabInternal: {fileID: 100100000}
  serializedVersion: 4
  m_Component:
  - 4: {fileID: 404672}
  m_Layer: 0
  m_Name: SpawnPoint4
  m_TagString: Untagged
  m_Icon: {fileID: 0}
  m_NavMeshLayer: 0
  m_StaticEditorFlags: 4294967295
  m_IsActive: 1
--- !u!1 &177842
GameObject:
  m_ObjectHideFlags: 0
  m_PrefabParentObject: {fileID: 0}
  m_PrefabInternal: {fileID: 100100000}
  serializedVersion: 4
  m_Component:
  - 4: {fileID: 496496}
  m_Layer: 0
  m_Name: SpawnPoint1
  m_TagString: Untagged
  m_Icon: {fileID: 0}
  m_NavMeshLayer: 0
  m_StaticEditorFlags: 4294967295
  m_IsActive: 1
--- !u!4 &404672
Transform:
  m_ObjectHideFlags: 1
  m_PrefabParentObject: {fileID: 0}
  m_PrefabInternal: {fileID: 100100000}
  m_GameObject: {fileID: 173562}
  m_LocalRotation: {x: 0, y: 0, z: 0, w: 1}
  m_LocalPosition: {x: 0, y: 0, z: -5.08}
  m_LocalScale: {x: 1, y: 1, z: 1}
  m_Children: []
  m_Father: {fileID: 431192}
  m_RootOrder: 3
--- !u!4 &414848
Transform:
  m_ObjectHideFlags: 1
  m_PrefabParentObject: {fileID: 0}
  m_PrefabInternal: {fileID: 100100000}
  m_GameObject: {fileID: 101354}
  m_LocalRotation: {x: 0, y: 0, z: 0, w: 1}
  m_LocalPosition: {x: -4.48, y: 0, z: 5.12}
  m_LocalScale: {x: 1, y: 1, z: 1}
  m_Children: []
  m_Father: {fileID: 431192}
  m_RootOrder: 7
--- !u!4 &415972
Transform:
  m_ObjectHideFlags: 1
  m_PrefabParentObject: {fileID: 0}
  m_PrefabInternal: {fileID: 100100000}
  m_GameObject: {fileID: 157576}
  m_LocalRotation: {x: 0, y: 0, z: 0, w: 1}
  m_LocalPosition: {x: 4.45, y: 0, z: 4.69}
  m_LocalScale: {x: 1, y: 1, z: 1}
  m_Children: []
  m_Father: {fileID: 431192}
  m_RootOrder: 6
--- !u!4 &431192
Transform:
  m_ObjectHideFlags: 1
  m_PrefabParentObject: {fileID: 0}
  m_PrefabInternal: {fileID: 100100000}
  m_GameObject: {fileID: 109608}
  m_LocalRotation: {x: 0, y: 0, z: 0, w: 1}
  m_LocalPosition: {x: 0, y: 0.3, z: 0}
  m_LocalScale: {x: 1, y: 1, z: 1}
  m_Children:
  - {fileID: 496496}
  - {fileID: 479606}
  - {fileID: 454722}
  - {fileID: 404672}
  - {fileID: 474102}
  - {fileID: 436104}
  - {fileID: 415972}
  - {fileID: 414848}
  - {fileID: 451756}
  - {fileID: 454276}
  m_Father: {fileID: 0}
  m_RootOrder: 0
--- !u!4 &436104
Transform:
  m_ObjectHideFlags: 1
  m_PrefabParentObject: {fileID: 0}
  m_PrefabInternal: {fileID: 100100000}
  m_GameObject: {fileID: 105424}
  m_LocalRotation: {x: 0, y: 0, z: 0, w: 1}
  m_LocalPosition: {x: -4.56, y: 0, z: -4.97}
  m_LocalScale: {x: 1, y: 1, z: 1}
  m_Children: []
  m_Father: {fileID: 431192}
  m_RootOrder: 5
--- !u!4 &451756
Transform:
  m_ObjectHideFlags: 1
  m_PrefabParentObject: {fileID: 0}
  m_PrefabInternal: {fileID: 100100000}
  m_GameObject: {fileID: 162858}
  m_LocalRotation: {x: 0, y: 0, z: 0, w: 1}
  m_LocalPosition: {x: 2.07, y: 0, z: 0}
  m_LocalScale: {x: 1, y: 1, z: 1}
  m_Children: []
  m_Father: {fileID: 431192}
  m_RootOrder: 8
--- !u!4 &454276
Transform:
  m_ObjectHideFlags: 1
  m_PrefabParentObject: {fileID: 0}
  m_PrefabInternal: {fileID: 100100000}
  m_GameObject: {fileID: 123334}
  m_LocalRotation: {x: 0, y: 0, z: 0, w: 1}
  m_LocalPosition: {x: -2.52, y: 0, z: -2.9}
  m_LocalScale: {x: 1, y: 1, z: 1}
  m_Children: []
  m_Father: {fileID: 431192}
  m_RootOrder: 9
--- !u!4 &454722
Transform:
  m_ObjectHideFlags: 1
  m_PrefabParentObject: {fileID: 0}
  m_PrefabInternal: {fileID: 100100000}
  m_GameObject: {fileID: 115506}
  m_LocalRotation: {x: 0, y: 0, z: 0, w: 1}
  m_LocalPosition: {x: 5.43, y: 0, z: 0}
  m_LocalScale: {x: 1, y: 1, z: 1}
  m_Children: []
  m_Father: {fileID: 431192}
  m_RootOrder: 2
--- !u!4 &474102
Transform:
  m_ObjectHideFlags: 1
  m_PrefabParentObject: {fileID: 0}
  m_PrefabInternal: {fileID: 100100000}
  m_GameObject: {fileID: 132904}
  m_LocalRotation: {x: 0, y: 0, z: 0, w: 1}
  m_LocalPosition: {x: 5.03, y: 0, z: -4.65}
  m_LocalScale: {x: 1, y: 1, z: 1}
  m_Children: []
  m_Father: {fileID: 431192}
  m_RootOrder: 4
--- !u!4 &479606
Transform:
  m_ObjectHideFlags: 1
  m_PrefabParentObject: {fileID: 0}
  m_PrefabInternal: {fileID: 100100000}
  m_GameObject: {fileID: 143228}
  m_LocalRotation: {x: 0, y: 0, z: 0, w: 1}
  m_LocalPosition: {x: 0, y: 0, z: 4.64}
  m_LocalScale: {x: 1, y: 1, z: 1}
  m_Children: []
  m_Father: {fileID: 431192}
  m_RootOrder: 1
--- !u!4 &496496
Transform:
  m_ObjectHideFlags: 1
  m_PrefabParentObject: {fileID: 0}
  m_PrefabInternal: {fileID: 100100000}
  m_GameObject: {fileID: 177842}
  m_LocalRotation: {x: 0, y: 0, z: 0, w: 1}
  m_LocalPosition: {x: -5.57, y: 0, z: 0}
  m_LocalScale: {x: 1, y: 1, z: 1}
  m_Children: []
  m_Father: {fileID: 431192}
  m_RootOrder: 0
--- !u!114 &11409986
MonoBehaviour:
  m_ObjectHideFlags: 1
  m_PrefabParentObject: {fileID: 0}
  m_PrefabInternal: {fileID: 100100000}
  m_GameObject: {fileID: 109608}
  m_Enabled: 1
  m_EditorHideFlags: 0
  m_Script: {fileID: 11500000, guid: 03d0b0ac790342e4c8b189d63a56af21, type: 3}
  m_Name: 
  m_EditorClassIdentifier: 
  powerUpToSpawn: {fileID: 151650, guid: d94a7bb44fb1acf4f95015a7a32e92cc, type: 2}
  spawnPoints:
  - {fileID: 177842}
  - {fileID: 143228}
  - {fileID: 115506}
  - {fileID: 173562}
  - {fileID: 132904}
  - {fileID: 105424}
  - {fileID: 157576}
  - {fileID: 101354}
  - {fileID: 162858}
  - {fileID: 123334}
--- !u!114 &11483318
MonoBehaviour:
  m_ObjectHideFlags: 1
  m_PrefabParentObject: {fileID: 0}
  m_PrefabInternal: {fileID: 100100000}
  m_GameObject: {fileID: 109608}
  m_Enabled: 1
  m_EditorHideFlags: 0
  m_Script: {fileID: 372142912, guid: 870353891bb340e2b2a9c8707e7419ba, type: 3}
  m_Name: 
  m_EditorClassIdentifier: 
  m_SceneId:
    m_Value: 0
  m_AssetId:
    i0: 22
    i1: 144
    i2: 133
    i3: 23
    i4: 61
    i5: 222
    i6: 137
    i7: 244
    i8: 42
    i9: 65
    i10: 48
    i11: 101
    i12: 55
    i13: 158
    i14: 42
    i15: 252
  m_ServerOnly: 1
  m_LocalPlayerAuthority: 1
--- !u!1001 &100100000
Prefab:
  m_ObjectHideFlags: 1
  serializedVersion: 2
  m_Modification:
    m_TransformParent: {fileID: 0}
    m_Modifications:
    - target: {fileID: 0}
      propertyPath: powerUpToSpawn
      value: 
      objectReference: {fileID: 151650, guid: d94a7bb44fb1acf4f95015a7a32e92cc, type: 2}
    - target: {fileID: 0}
      propertyPath: m_AssetId.i0
      value: 22
      objectReference: {fileID: 0}
    - target: {fileID: 0}
      propertyPath: m_AssetId.i1
      value: 144
      objectReference: {fileID: 0}
    - target: {fileID: 0}
      propertyPath: m_AssetId.i2
      value: 133
      objectReference: {fileID: 0}
    - target: {fileID: 0}
      propertyPath: m_AssetId.i3
      value: 23
      objectReference: {fileID: 0}
    - target: {fileID: 0}
      propertyPath: m_AssetId.i4
      value: 61
      objectReference: {fileID: 0}
    - target: {fileID: 0}
      propertyPath: m_AssetId.i5
      value: 222
      objectReference: {fileID: 0}
    - target: {fileID: 0}
      propertyPath: m_AssetId.i6
      value: 137
      objectReference: {fileID: 0}
    - target: {fileID: 0}
      propertyPath: m_AssetId.i7
      value: 244
      objectReference: {fileID: 0}
    - target: {fileID: 0}
      propertyPath: m_AssetId.i8
      value: 42
      objectReference: {fileID: 0}
    - target: {fileID: 0}
      propertyPath: m_AssetId.i9
      value: 65
      objectReference: {fileID: 0}
    - target: {fileID: 0}
      propertyPath: m_AssetId.i10
      value: 48
      objectReference: {fileID: 0}
    - target: {fileID: 0}
      propertyPath: m_AssetId.i11
      value: 101
      objectReference: {fileID: 0}
    - target: {fileID: 0}
      propertyPath: m_AssetId.i12
      value: 55
      objectReference: {fileID: 0}
    - target: {fileID: 0}
      propertyPath: m_AssetId.i13
      value: 158
      objectReference: {fileID: 0}
    - target: {fileID: 0}
      propertyPath: m_AssetId.i14
      value: 42
      objectReference: {fileID: 0}
    - target: {fileID: 0}
      propertyPath: m_AssetId.i15
      value: 252
      objectReference: {fileID: 0}
    - target: {fileID: 0}
      propertyPath: m_ServerOnly
      value: 1
      objectReference: {fileID: 0}
    - target: {fileID: 0}
      propertyPath: m_LocalPlayerAuthority
      value: 1
      objectReference: {fileID: 0}
    - target: {fileID: 0}
      propertyPath: m_StaticEditorFlags
      value: 4294967295
      objectReference: {fileID: 0}
    m_RemovedComponents: []
  m_ParentPrefab: {fileID: 0}
  m_RootGameObject: {fileID: 109608}
  m_IsPrefabParent: 1
